<record><leader>00000cas a22000007a 4500</leader><controlfield tag="001">2252334</controlfield><controlfield tag="008">760620d188u1882nduwr ne      0    0eng d</controlfield><datafield ind1=" " ind2=" " tag="010"><subfield code="a">sn 89074411 </subfield></datafield><datafield ind1=" " ind2=" " tag="040"><subfield code="a">MUL</subfield><subfield code="b">eng</subfield><subfield code="c">MUL</subfield><subfield code="d">NOP</subfield><subfield code="d">OCLCQ</subfield></datafield><datafield ind1=" " ind2=" " tag="042"><subfield code="a">msc</subfield></datafield><datafield ind1="0" ind2=" " tag="130"><subfield code="a">Grand Forks plaindealer (Grand Forks, N.D. : 1880)</subfield></datafield><datafield ind1="1" ind2="0" tag="245"><subfield code="a">Grand Forks plaindealer.</subfield></datafield><datafield ind1=" " ind2=" " tag="260"><subfield code="a">Grand Forks, Dakota [N.D.] :</subfield><subfield code="b">Frank L. Witt</subfield></datafield><datafield ind1=" " ind2=" " tag="300"><subfield code="a">v. :</subfield><subfield code="b">ill. ;</subfield><subfield code="c">51 cm.</subfield></datafield><datafield ind1=" " ind2=" " tag="310"><subfield code="a">Weekly</subfield></datafield><datafield ind1="1" ind2=" " tag="362"><subfield code="a">Ceased in 1882.</subfield></datafield><datafield ind1=" " ind2=" " tag="500"><subfield code="a">"Official Paper of the City", 1882.</subfield></datafield><datafield ind1=" " ind2=" " tag="588"><subfield code="a">Description based on: Vol. 5, no. 11 (Feb. 7, 1880).</subfield></datafield><datafield ind1=" " ind2=" " tag="752"><subfield code="a">United States</subfield><subfield code="b">North Dakota</subfield><subfield code="c">Grand Forks</subfield><subfield code="d">Grand Forks.</subfield></datafield><datafield ind1="0" ind2=" " tag="775"><subfield code="t">Grand Forks daily plaindealer</subfield><subfield code="w">(DLC)sn 89074415</subfield></datafield><datafield ind1="0" ind2="0" tag="780"><subfield code="t">Plaindealer (Grand Forks, N.D.)</subfield><subfield code="w">(DLC)sn 84022133</subfield></datafield><datafield ind1="0" ind2="0" tag="785"><subfield code="t">Grand Forks weekly plaindealer (Grand Forks, N.D. : 1882)</subfield><subfield code="w">(DLC)sn 89074412</subfield></datafield><datafield ind1="1" ind2=" " tag="029"><subfield code="a">AU@</subfield><subfield code="b">000025874863</subfield></datafield></record>